@misc{kdddata,
  title = {{KDD Cup 1999 Data}},
  howpublished = {\url{http://kdd.ics.uci.edu/databases/kddcup99/kddcup99.html}},
  note = {Accessed: 2015-11-28}
}

@misc{kddnames,
  title = {{KDD Cup 1999 Feature Set}},
  howpublished = {\url{http://kdd.ics.uci.edu/databases/kddcup99/task.html}},
  note = {Accessed: 2015-11-28}
}